@book{algo:prim,
    author    = "V. Jarník",
    title     = "O jistém problému minimálním [About a certain minimal problem]",
    year      = "1930"
}



@article{algo:kru,
    author    = "Joseph. B. Kruskal",
    title     = "On the Shortest Spanning Subtree of a Graph and the Traveling Salesman Problem",
    journal   = "Proceedings of the American Mathematical Society",
    volume   = "7",
    year      = "1956",
}

Borůvka, Otakar (1926). "Příspěvek k řešení otázky ekonomické stavby elektrovodních sítí (Contribution to the solution of a problem of economical construction of electrical networks)". Elektronický Obzor (in Czech) 15

@article{algo:bor,
    author    = "Borůvka, Otakar",
    title     = "Příspěvek k řešení otázky ekonomické stavby elektrovodních sítí (Contribution to the solution of a problem of economical construction of electrical networks)",
    journal   = "Elektronický Obzor (in Czech)",
    volume   = "15",
    year      = "1926",
}